<record><leader>00000cas a22000007a 4500</leader><controlfield tag="001">17741267</controlfield><controlfield tag="008">880406d19731975iauwr ne      0    0eng d</controlfield><datafield ind1=" " ind2=" " tag="010"><subfield code="a">sn 88059545 </subfield></datafield><datafield ind1=" " ind2=" " tag="040"><subfield code="a">INP</subfield><subfield code="b">eng</subfield><subfield code="c">INP</subfield><subfield code="d">OCLCQ</subfield></datafield><datafield ind1=" " ind2=" " tag="042"><subfield code="a">msc</subfield></datafield><datafield ind1="0" ind2="4" tag="245"><subfield code="a">The Richland clarion and Pekin community news.</subfield></datafield><datafield ind1=" " ind2=" " tag="260"><subfield code="a">Richland, Iowa :</subfield><subfield code="b">Dinsmore Pub. Co.,</subfield><subfield code="c">1973-1975.</subfield></datafield><datafield ind1=" " ind2=" " tag="300"><subfield code="a">2 v.</subfield></datafield><datafield ind1=" " ind2=" " tag="310"><subfield code="a">Weekly</subfield></datafield><datafield ind1="0" ind2=" " tag="362"><subfield code="a">Vol. 92, no. 20 (Dec. 6, 1973)-v. 93, no. 30 (Feb. 27, 1975).</subfield></datafield><datafield ind1=" " ind2=" " tag="752"><subfield code="a">United States</subfield><subfield code="b">Iowa</subfield><subfield code="c">Keokuk</subfield><subfield code="d">Richland.</subfield></datafield><datafield ind1="0" ind2="4" tag="780"><subfield code="t">Pekin community news</subfield></datafield><datafield ind1="0" ind2="4" tag="780"><subfield code="t">Richland clarion</subfield><subfield code="w">(DLC)sn 87058275</subfield></datafield><datafield ind1="0" ind2="0" tag="785"><subfield code="t">Clarion (Packwood, Iowa)</subfield><subfield code="w">(DLC)sn 86060200</subfield></datafield></record>